<?xml version="1.0" encoding="UTF-8"?><collection xmlns="http://www.loc.gov/MARC21/slim"><record><leader>00486nam--2200193-u-4500</leader><controlfield tag="001">000050686</controlfield><controlfield tag="002">20161230</controlfield><controlfield tag="005">20161230201048</controlfield><controlfield tag="008">080313s1000------------r-----000-0-eng-d</controlfield><datafield ind1=" " ind2=" " tag="020"><subfield code="a">0-937175-77-3</subfield></datafield><datafield ind1=" " ind2=" " tag="040"><subfield code="a">IFIN-HH</subfield></datafield><datafield ind1=" " ind2=" " tag="080"><subfield code="a">004.4</subfield></datafield><datafield ind1="1" ind2=" " tag="100"><subfield code="a">Bloomer,John</subfield></datafield><datafield ind1="1" ind2="0" tag="245"><subfield code="a">Power Programming with RPC</subfield></datafield><datafield ind1=" " ind2=" " tag="260"><subfield code="a">Beijing</subfield><subfield code="b">O'Reilly</subfield><subfield code="c">1992</subfield></datafield><datafield ind1=" " ind2=" " tag="300"><subfield code="a">486 p</subfield></datafield><datafield ind1=" " ind2="4" tag="650"><subfield code="a">Protocol Compiling and Lower-level RPC Programming</subfield></datafield><datafield ind1=" " ind2=" " tag="852"><subfield code="c">681.3</subfield></datafield><datafield ind1=" " ind2=" " tag="CAT"><subfield code="a">Sys</subfield><subfield code="c">20080313</subfield><subfield code="h">100537</subfield></datafield></record></collection>